% CAPÍTULO 1 %

@BOOK{dubin,
    author = "Dr. Dale Dubin",
    title = "ELECTROCARDIOGRAFÍA PRÁCTICA. LESIÓN, TRAZADO E INTERPRETACIÓN",
    publisher = "McGraw-Hill Interamericana",
    year = "2007",
    edition = 3,
}

@MASTERSTHESIS{TFGFelipe,
    author = "Felipe Alonso Atienza",
    title = "ESTUDIO DEL CAMPO ELÉCTRICO REGISTRADO EN CATÉTERES DURANTE TRANSTORNOS DE LA CONDUCCIÓN CARDIACA",
    school = "Universidad Carlos III de Madrid",
    year =  "2003",
}

